<?xml version="1.0" encoding="utf-8"?>
<record xmlns="http://www.loc.gov/MARC21/slim" xmlns:xsi="http://www.w3.org/2001/XMLSchema-instance" xsi:schemaLocation="http://www.loc.gov/MARC21/slim http://www.loc.gov/standards/marcxml/schema/MARC21slim.xsd">
	<leader>     nam a22        4500</leader>
	<controlfield tag="001">2927155</controlfield>
	<controlfield tag="003">NjP</controlfield>
	<controlfield tag="006">m        d        </controlfield>
	<controlfield tag="007">cr cn |||m|||a</controlfield>
	<controlfield tag="008">160519r19701931ir a    o     000 0 arar </controlfield>
	<datafield ind1=" " ind2=" " tag="040">
		<subfield code="a">NNU</subfield>
		<subfield code="b">eng</subfield>
		<subfield code="e">rda</subfield>
		<subfield code="c">NNU</subfield>
	</datafield>
	<datafield ind1="0" ind2="0" tag="050">
		<subfield code="a">PK6456.5</subfield>
		<subfield code="b">.A7 1970</subfield>
	</datafield>
	<datafield ind1="0" ind2=" " tag="100">
		<subfield code="a">Firdawsī.</subfield>
	</datafield>
	<datafield ind1="1" ind2="3" tag="245">
		<subfield code="6">880-01</subfield>
		<subfield code="a">al-Shāhnamah,</subfield>
		<subfield code="c">naẓẓamahā bi-al-Fārisīyah Abū al-Qāsim al-Firdawsī, wa-tarjamahā nathran al-Fatḥ ibn ʻAlī al-Bundarī. Wa-qāranahā bi-al-aṣl al-Fārisī, wa-akmala tarjamatahā fī mawāḍiʻ, wa-ṣaḥḥaḥahā wa-ʻallaqa ʻalayhā wa-qaddama lahā ʻAbd al-Wahhāb ʻAzzām.</subfield>
	</datafield>
	<datafield ind1=" " ind2=" " tag="260">
		<subfield code="6">880-02</subfield>
		<subfield code="a">Tahrān :</subfield>
		<subfield code="b">[Yuṭlabu min Maktabat al-Asadī],</subfield>
		<subfield code="c">1970.</subfield>
	</datafield>
	<datafield ind1=" " ind2=" " tag="300">
		<subfield code="a">online resource (2 volumes in 1.) :</subfield>
		<subfield code="b">illustrations</subfield>
	</datafield>
	<datafield ind1=" " ind2=" " tag="336">
		<subfield code="a">text</subfield>
		<subfield code="2">rdacontent</subfield>
	</datafield>
	<datafield ind1=" " ind2=" " tag="337">
		<subfield code="a">computer</subfield>
		<subfield code="2">rdamedia</subfield>
	</datafield>
	<datafield ind1=" " ind2=" " tag="338">
		<subfield code="a">online resource</subfield>
		<subfield code="2">rdacarrier</subfield>
	</datafield>
	<datafield ind1=" " ind2=" " tag="500">
		<subfield code="a">Added t.p.: Shahnamah; the great poem, by Ferdowsi. Translated in prose into Arabic, by al-Fath bin Ali al-Bundari.</subfield>
	</datafield>
	<datafield ind1=" " ind2=" " tag="500">
		<subfield code="a">Reprint of the 1931-32 ed. Published in Cairo.</subfield>
	</datafield>
	<datafield ind1=" " ind2=" " tag="500">
		<subfield code="a">Part of the Arabic Collections Online (ACO) project, contributed by Princeton University Libraries.</subfield>
	</datafield>
	<datafield ind1="1" ind2=" " tag="505">
		<subfield code="a">Juzʼ 1. al-Bīshdādiyūn wa-al-Kiyāniyūn, maʻa al-muqaddimah wa-al-madkhal -- juzʻ 2. Iskandar wa-mulūk al-ṭawāʼif wa-al-Sasāniyūn, maʻa fihras al-marājiʻ, wa-muʻjam al-kalimāt al-Farisīyah wa-al-fihras al-hijāʼī al-ʻāmm. al-Marājiʻ allatī dhukirat fī ḥawāshī al-kitāb wa-al-madkhal (v. 2, p. 279-282).</subfield>
	</datafield>
	<datafield ind1=" " ind2=" " tag="533">
		<subfield code="a">Electronic reproduction.</subfield>
		<subfield code="b">New York, N.Y. :</subfield>
		<subfield code="c">New York University,</subfield>
		<subfield code="d">2016.</subfield>
		<subfield code="5">NNU</subfield>
	</datafield>
	<datafield ind1="1" ind2=" " tag="700">
		<subfield code="6">880-03</subfield>
		<subfield code="a">ʻAzzām, ʻAbd al-Wahhāb.</subfield>
	</datafield>
	<datafield ind1="1" ind2=" " tag="700">
		<subfield code="6">880-04</subfield>
		<subfield code="a">Bundārī, al-Fatḥ ibn ʻAlī,</subfield>
		<subfield code="d">1190 or 1191-1245 or 1246.</subfield>
	</datafield>
	<datafield ind1="2" ind2=" " tag="710">
		<subfield code="a">Princeton University.</subfield>
		<subfield code="b">Library.</subfield>
	</datafield>
	<datafield ind1="0" ind2=" " tag="730">
		<subfield code="a">Arabic Collections Online.</subfield>
	</datafield>
	<datafield ind1="0" ind2="8" tag="776">
		<subfield code="i">Print version:</subfield>
		<subfield code="a">Firdawsī.</subfield>
		<subfield code="t">al-Shāhnamah</subfield>
		<subfield code="w">(NjP)2927155</subfield>
		<subfield code="w">(DLC)   72218381 </subfield>
		<subfield code="w">(OCoLC)24862334</subfield>
	</datafield>
	<datafield ind1="4" ind2="0" tag="856">
		<subfield code="u">http://hdl.handle.net/2333.1/6wwpzmbd</subfield>
	</datafield>
	<datafield ind1="1" ind2="0" tag="880">
		<subfield code="6">240-00/r</subfield>
		<subfield code="a">شاه نامه.</subfield>
		<subfield code="l">العربية</subfield>
	</datafield>
	<datafield ind1="1" ind2="3" tag="880">
		<subfield code="6">245-01/r</subfield>
		<subfield code="a">الشاهنامه /</subfield>
		<subfield code="c">نظمها بالفارسية أبو القاسم الفردوسي ؛ وترجمها نثرا الفتح بن علي البنداري ؛ وقارنها بالأصل الفارسي وأكمل ترجمتها في مواضع وصححها وعلق عليها وقدم لها عبد الوهاب عزام.</subfield>
	</datafield>
	<datafield ind1=" " ind2=" " tag="880">
		<subfield code="6">260-02/r</subfield>
		<subfield code="a">طهران :</subfield>
		<subfield code="b">يطلب من مكتبة الأسدي،</subfield>
		<subfield code="c">1970.</subfield>
	</datafield>
	<datafield ind1="1" ind2=" " tag="880">
		<subfield code="6">700-03/r</subfield>
		<subfield code="a">عزام، عبد الوهاب.</subfield>
	</datafield>
	<datafield ind1="1" ind2=" " tag="880">
		<subfield code="6">700-04/r</subfield>
		<subfield code="a">بنداري، الفتح بن علي.</subfield>
	</datafield>
	<datafield ind1=" " ind2=" " tag="959">
		<subfield code="a">NNU</subfield>
		<subfield code="b">WEB</subfield>
		<subfield code="c">GENI</subfield>
		<subfield code="t">0</subfield>
		<subfield code="m">Electronic access</subfield>
		<subfield code="s">01</subfield>
	</datafield>
	<datafield ind1=" " ind2=" " tag="999">
		<subfield code="i">NjP_2927155</subfield>
		<subfield code="o">(OCoLC)ocm24862334 </subfield>
		<subfield code="s">princeton_aco000505</subfield>
		<subfield code="e">(ERROR-880)</subfield>
	</datafield>
</record>
